@online{article1,
author    = {Miguel Mendoza},
title     = {Vulnerabilities reached a historic peak in 2017},
journal = {WeLiveSecurity},
url       = {https://www.welivesecurity.com/2018/02/05/vulnerabilities-reached-historic-peak-2017/},
month = {02},
year ={2018},
}

@online{trends1,
author    = {Tara Seals},
title     = {Newsmaker Interview: Troy Mursch on Top Botnet Trends},
journal = {ThreatPost},
url       = {https://threatpost.com/troy-mursch-botnet-trends/140010/},
month = {12},
year ={2018},
}

@online{CRC-Botnets,
author    = {},
title     = {CRC-Botnets 2018 : Botnets: Architectures, Countermeasures, and Challenges},
journal = {Wikicfp},
url       = {http://www.wikicfp.com/cfp/servlet/event.showcfp?eventid=75599&copyownerid=38142},
month = {12},
year ={2018},
}

@online{Botnet-def,
author    = {Maria Korolov},
title     = {What is a botnet? And why they aren't going away anytime soon},
journal = {CSO Online},
url       = {https://www.csoonline.com/article/3240364/what-is-a-botnet-and-why-they-arent-going-away-anytime-soon.html},
month  = {02},
year = {2019},
}

@online{trends2,
author    = {Ruchna Nigam},
title     = {Unit 42 Finds New Mirai and Gafgyt IoT/Linux Botnet Campaigns},
publisher= {Journal 42},
url       = {https://unit42.paloaltonetworks.com/unit42-finds-new-mirai-gafgyt-iotlinux-botnet-campaigns/},
month = {07},
year ={2018}
}

@online{cyberthreat,
author    = {},
title     = {Botnets remain a persistent cyberthreat},
journal = {centurylink.},
url       = {http://news.centurylink.com/2018-04-17-Botnets-remain-a-persistent-cyberthreat},
month = {},
year ={2018}
}

@online{iot,
author    = {Martijn Grooten},
title     = {VB2018 preview: IoT botnets},
journal = {VirusBulletin},
url       = {https://www.virusbulletin.com/blog/2018/09/vb2018-preview-iot-botnets/},
month = {09},
year ={2018}
}

@online{botnet-families,
author    = {Ed Targett},
title     = {Top 10 Malware Families in 2018: Botnet Analysis},
journal = {Computer Business Review},
url       = {https://www.cbronline.com/news/kaspersky-botnet-activity},
month = {09},
year ={2018}
}

@online{trends3,
author    = {},
title     = {New Mirai Botnet Variant Targets IoT TV, Presentation Systems},
journal = {Trend Micro},
url       = {https://www.trendmicro.com/vinfo/us/security/news/internet-of-things/new-mirai-botnet-variant-targets-iot-tv-presentation-systems},
month = {03},
year ={2019}
}

@online{variants,
author    = {},
title     = {Botnets},
journal = {NJCCIC},
url       = {https://www.cyber.nj.gov/threat-profiles/botnet-variants/},
month = {},
year ={2018}
}

@online{mirai,
author    = {John Leyden},
title     = {OMG, that's downright Wicked: Botnet authors twist corpse of Mirai into new threats},
journal = {The Register},
url       = {https://www.theregister.co.uk/2018/06/01/mirai_respun_in_new_botnets/},
month = {06},
year ={2018}
}


@article {bot-org,
  author=    {Barry Weymes},
  title=   {Recognising Botnets in Organisations},
  journal=   {Department of Computer Science, Radboud University},
  volume=    {volume number},
  number=    {issue number},
  pages=   {},
  month=   {08},
  year=    {2012},
}

@article{survey1,
author = {Alieyan, Kamal and Almomani, Dr.Ammar and Manasrah, Ahmad and Kadhum, Mohammad},
year = {2015},
month = {12},
pages = {},
title = {A survey of botnet detection based on DNS},
journal = {Neural Computing and Applications},
doi = {10.1007/s00521-015-2128-0}
}

@article{survey2,
 author = {Alieyan, Kamal and Almomani, Ammar and Manasrah, Ahmad and Kadhum, Mohammed M.},
 title = {A Survey of Botnet Detection Based on DNS},
 journal = {Neural Comput. Appl.},
 volume = {28},
 number = {7},
 month = {07},
 year = {2017},
 issn = {0941-0643},
 pages = {1541--1558},
 numpages = {18},
 url = {https://doi.org/10.1007/s00521-015-2128-0},
 doi = {10.1007/s00521-015-2128-0},
 acmid = {3124600},
 publisher = {Springer-Verlag},
 address = {London, UK, UK},
 keywords = {Botnet, Botnet detection, DNS-based, Machine learning, Neural Network},
} 

@article {pheonix,
  author=    {Schiavoni, S.; Maggi, F.; Cavallaro, L.; Zanero, S},
  title=   {Phoenix: DGA-based
Botnet Tracking and Intelligence },
  journal=   {Springer},
  volume=    {Detection of Intrusions and Malware, and Vulnerability Assessment},
  number=    {},
  pages=   {192-211},
  month=   {07},
  year=    {2014},
}

@article {detection1,
  author=    { Wielogorska Monika, O'Brien Darragh},
  title=   {DNS Traffic analysis for botnet detection},
  journal=   {Irish Conference on Artificial Intelligence and Cognitive Science},
  volume=    {25th},
  number=    {issue number},
  pages=   {},
  month=   {12},
  year=    {2017},
}

@article{survey3,
  author    = {Nathan Goodman},
  title     = {A Survey of Advances in Botnet Technologies},
  journal   = {CoRR},
  volume    = {abs/1702.01132},
  year      = {2017},
  url       = {http://arxiv.org/abs/1702.01132},
  archivePrefix = {arXiv},
  eprint    = {1702.01132},
  timestamp = {Mon, 13 Aug 2018 16:46:06 +0200},
  biburl    = {https://dblp.org/rec/bib/journals/corr/Goodman17},
  bibsource = {dblp computer science bibliography, https://dblp.org}
}


@online{honeynet1,
author    = {},
title     = {Different Types of Bots},
journal = {Honeynet Project},
url       = {http://www.honeynet.org/node/53},
month = {10},
year ={2008}
}

@article {tracking1,
  author=    {Pierce Gibbs},
  title=   {Botnet Tracking Tools},
  journal=   {SANS Institute},
  volume=    {GIAC (GSEC) Gold Certification},
  number=    {},
  pages=   {},
  month=   {08},
  year=    {2014},
}

@article {bot-com,
  author=    {Gunter Ollmann},
  title=   {Botnet Communication Topologies},
  journal=   {Damballa},
  volume=    {GIAC (GSEC) Gold Certification},
  number=    {},
  pages=   {},
  month=   {06},
  year=    {2009},
}

@article {survey4,
  author=    {S. S. Silva, R. M. Silva, R. C. Pinto, and R. M. Salles},
  title=   {Botnets: A survey},
  journal=   {Eslervier},
  volume=    {57},
  number=    {2},
  pages=   {378-403},
  month=   {},
  year=    {2013},
}

@online{bot-intro,
author    = {Jeff Bardin},
title     = {Introduction to Botnets},
journal = {https://web.archive.org/web/20170830000437/http://ccdcoe.org/cycon/2012/workshops/Intro_to_Botnets.pdf},
url       = {https://ccdcoe.org/cycon/2012/workshops/Intro_to_Botnets.pdf},
month = {06},
year ={2016}
}

@online{honeynet2,
author    = {},
title     = {Uses of botnets},
journal = {The Honeynet Project},
url       = {http://www.honeynet.org/node/52},
month = {06},
year ={2018}
}

@article {survey5,
  author=    {Emre Y},
  title=   {A literature survey about recent botnet trends},
  url = {http://geant3.archive.geant.net/Media_Centre/Media_Library/Media%20Library/botnet_trends_M2.pdf},
  month=   {06},
  year=    {2011},
}


@online{monero,
author    = {KAFEINE},
title     = {Smominru Monero mining botnet making millions for operators},
journal = {Proofpoint},
url       = { https://www.proofpoint.com/us/threat-insight/post/smominru-monero-mining-botnet-making-millions-operators},
month = {01},
year ={2018}
}

]

@article{survey6,
author = {Mahmoud, Muhammad and Nir, Manjinder Paul and Matrawy, Ashraf},
year = {2014},
month = {01},
pages = {},
title = {A Survey on Botnet Architectures, Detection and Defences},
volume = {17},
journal = {International Journal of Network Security}
}

@article {survey7,
  author=    {David Zhao, IssaTraore, BassamSayed, Wei Lu, SherifSaad, Ali Ghorbani and Dan Garant},
  title=   {Botnet detection based on traffic behavior analysis and flow intervals},
  journal=   {”Elsevier Computers and Security},
  volume=    {39},
  number=    {issue number},
  pages=   {2-16},
  month=   {11},
  year=    {2013},
}

@article {survey8,
  author=    {Maryam Feily, AlirezaShahrestani and SureswaranRamadass},
  title=   {A survey of botnet and botnet detection},
  journal=   {IEEE 3rd international conference on emerging security information},
  volume=    {},
  number=    {systemsand technologies},
  pages=   {268-273},
  month=   {month},
  year=    {2009},
}

@article {survey9,
  author=    {Z. Zhu, G. Lu, Y. Chen, Z. J. Fu, P. Roberts, and K. Han},
  title=   {Botnet research survey},
  journal=   {32nd Annual IEEE International Conference on Computer Software and Applications},
  volume=    {},
  number=    {},
  pages=   {967–972},
  month=   {08},
  year=    {2008},
}

@article {detection2,
  author=    {Abdullah RS, Abdollah MF, Noh ZAM, Mas’ud MZ, Selamat SR, Yusof R, Melaka},
  title=   {Revealing the criterion on botnet detection technique},
  journal=   {IJCSI International J Computer Science},
  volume=    {2},
  number=    {10},
  pages=   {208–215},
  month=   {},
  year=    {2013},
}

@article {detection3,
  author=    {Manasrah AM, Hasan A, Abouabdalla OA, Ramadass S},
  title=   {Detecting botnet activities based on abnormal DNS traffic},
  volume=    {},
  number=    {},
  pages=   {},
  month=   {},
  year=    {2009},
}

@article {inside-bot,
  author=    {P. Barford and V. Yegneswaran},
  title=   {An inside look at botnets},
  journal = {Advances in Information Security},
  volume=    {27},
  number=    {Springer},
  pages=   {171-191},
  month=   {03},
  year=    {2007},
}


@article {detection4,
  author=    {G. Gu, P. Porras, V. Yegneswaran, M. Fong, and W. Lee},
  title=   {Bothunter: detecting malware infection through ids-driven dialog correlation},
  journal = {USENIX Security Symposium on USENIX Security Symposium},
  volume=    {16},
  number=    {},
  pages=   {1-16},
  month=   {},
  year=    {2007},
}




@article {detection5,
  author=    {Choi H, Lee H, Lee H, Kim H},
  title=   {Botnet detection by monitoring group activities in DNS traffic},
  journal = {7th IEEE international conference on computer and information technology},
  volume=    {CIT 2007},
  number=    {},
  pages=   {715–720},
  month=   {},
  year=    {2007},
}

@article {detection6,
  author=    {Liu L, Chen S, Yan G, Zhang Z},
  title=   {Bottracer: executionbased bot-like malware detection},
  journal = {Springer, Information security},
  volume=    {CIT 2007},
  number=    {},
  pages=   {97–113},
  month=   {},
  year=    {2008},
}

@article {survey10,
  author=  {Rodriguez-Gomez RA, Macia-Fernandez G, Garcia-Teodoro P},
  title=   {Survey and taxonomy of botnet research through lifecycle},
  journal = {ACM Comput Survey},
  volume=    {45},
  number=    {4},
  pages=   {},
  month=   {},
  year=    {2013},
}

@article {detection7,
  author=    {Karim A, Salleh RB, Shiraz M, Shah SAA, Awan I, Anuar NB},
  title=   {Botnet detection techniques: review, future trends, and issues},
  journal=   {J Zhejiang Univ Sci C},
  volume=    {15},
  number=    {11},
  pages=   {943–983},
  month=   {},
  year=    {2014},
}

@article {cont-host,
  author=    {J. Goebel and T. Holz},
  title=   {Rishi: identify bot contaminated hosts by IRC nickname evaluation},
  journal=   {Proceedings of the first Conference on First Workshop on Hot Topics in Understanding Botnets},
  volume=    {},
  number=    {},
  pages=   {8},
  month=   {},
  year=    {2007},
}

@online{bot-threat,
author    = {white paper},
title     = {Taxonomy of botnet threats},
journal = {Trend Micro Incorporated},
url       = {https://sites.cs.ucsb.edu/~kemm/courses/cs595G/TM06.pdf},
month = {11},
year ={2006}
}


@article {ict-11,
  author=    {Jignesh Vania, Arvind Meniya, H. B. Jethva},
  title=   {A Review on Botnet and Detection Technique},
  journal=   {IJCTT},
  volume=    {4},
  number=    {1},
  pages=   {23-29},
  month=   {},
  year=    {2013},
}

@article {bot-prop,
  author=    {D. Dagon, C. Zou, and W. Lee},
  title=   {Modeling botnet propagation using time zones},
  journal=   {Proceedings of Network and Distributed System Security Symposium},
  volume=    {},
  number=    {},
  pages=   {111–123},
  month=   {02},
  year=    {2007},
}


@article {army-bot,
  author=    {R. Vogt, J. Aycock, and M. J. Jacobson},
  title=   {Army of botnets},
  journal=   {Journal Name},
  volume=    {volume number},
  number=    {issue number},
  pages=   {},
  month=   {month},
  year=    {year},
}


@article {p2p-bot,
  author=    {E. Van Ruitenbeek and W. H. Sanders},
  title=   {Modeling peer-to-peer botnets},
  journal=   {Fifth International Conference on Quantitative Evaluation of Systems},
  volume=    {},
  number=    {},
  pages=   {307–316},
  month=   {09},
  year=    {2008},
}


@article {mobius,
  author=    {G. Clark, T. Courtney, D. Daly, D. Deavours, S. Derisavi, J. M. Doyle, W. H. Sanders, and P. Webster},
  title=   {The Möbius Modeling Tool},
  journal=   {Proceedings of the 9th International Workshop on Petri Nets and Performance Models},
  volume=    {},
  number=    {},
  pages=   {},
  month=   {04},
  year=    {2011},
}


@article {hybrid,
  author=    {P.Wang, S. Sparks, and C. C. Zou},
  title=   {An advanced hybrid peer-to-peer botnet},
  journal=   {Proceedings of the first Conference on First Workshop on Hot Topics in Understanding Botnets},
  volume=    {},
  number=    {},
  pages=   {2},
  month=   {},
  year=    {2007},
}

@online{dns1,
author    = {},
title     = {},
journal = {},
url       = {https://blog.superuser.com/2012/02/16/what-is-dns-and-which-server-do-i-choose/},
month = {},
year ={}
}

@online{dns2,
author    = {},
title     = {},
journal = {},
url       = {https://ns1.com/resources/dns-protocol},
month = {},
year ={}
}

@online{dns3,
author    = {},
title     = {},
journal = {},
url       = {https://www.hack2secure.com/blogs/how-dns-protocol-works},
month = {},
year ={}
}

@online{dns4,
author    = {},
title     = {},
journal = {},
url       = {http://www.zytrax.com/books/dns/apd/rfc1035.txt},
month = {},
year ={}
}

@online{dns5,
author    = {},
title     = {},
journal = {},
url       = {http://www.zytrax.com/books/dns/ch15/#answer},
month = {},
year ={}
}

@online{dns6,
author    = {},
title     = {},
journal = {},
url       = {http://www.iana.org/assignments/dns-parameters/dns-parameters.xhtml},
month = {},
year ={}
}

@online{fqdn,
author    = {},
title     = {},
journal = {},
url       = {https://kb.iu.edu/d/aiuv},
month = {},
year ={}
}

@online{dga1,
author    = {},
title     = {},
journal = {},
url       = {https://github.com/andrewaeva/DGA/tree/master/dga_algorithms},
month = {},
year ={}
}

@online{wiki_ff,
author    = {},
title     = {},
journal = {},
url       = {https://en.wikipedia.org/wiki/Fast_flux},
month = {},
year ={}
}

@online{robin_dns,
author    = {},
title     = {Round-Robin DNS},
journal = {Wikipedia},
url       = {https://en.wikipedia.org/wiki/Round-robin_DNS},
month = {02},
year ={2019}
}

@online{robin,
author    = {},
title     = {Round-Robin Scheduling},
journal = {Wikipedia},
url       = {https://en.wikipedia.org/wiki/Round-robin_scheduling},
month = {04},
year ={2019}
}


@article {detection3,
  author=    {},
  title=   {Survey on Botnets on DNS detection},
  journal=   {},
  volume=    {},
  number=    {},
  pages=   {},
  month=   {},
  year=    {},
}


@article {review1,
  author=    {},
  title=   {},
  journal=   {},
  volume=    {},
  number=    {},
  pages=   {},
  month=   {},
  year=    {},
}

@article {tracking2,
  author=    {P. Bacher, T. Holz, M. Kotter, and G. Wicherski},
  title=   {Know your Enemy: Tracking Botnets},
  journal=   {The Honeynet Project},
  volume=    {},
  number=    {},
  pages=   {},
  month=   {10},
  year=    {2008},
}

@article {ff1,
  author=    {J. Nazario and T. Holz},
  title=   {As the net churns: Fast-flux botnet observations},
  journal=   {The 3rd International Conference on Malicious and Unwanted Software},
  volume=    {},
  number=    {},
  pages=   {24– 31},
  month=   {10},
  year=    {2008},
}

@online{tunneling,
author    = {},
title     = {What is DNS tunneling?},
journal = {Infoblox},
url       = {https://www.infoblox.com/glossary/dns-tunneling/},
month = {03},
year ={2006}
}

@article {Botnet1,
  author=    {Wielogorska, Monika and O'Brien, Darragh},
  title=   {DNS Traffic analysis for botnet detection},
  journal=   {25th Irish Conference on Artificial Intelligence and Cognitive Science},
  volume=    {},
  number=    {},
  pages=   {7-8},
  month=   {12},
  year=    {2017},
}

@article {review2,
  author=    {Shahid Anwar, Jasni Mohamad Zain, Mohamad Fadli Zolkipli, Zakira Inayat},
  title=   {A Review Paper on Botnet and Botnet Detection Techniques in Cloud Computing},
  journal=   {ISCI},
  volume=    {},
  number=    {},
  pages=   {},
  month=   {09},
  year=    {2014},
}

@article {detection8,
  author=    {Xuan Dau Hoang and Quynh Chi Nguyen},
  title=   {Botnet Detection Based On Machine Learning Techniques Using DNS Query Data},
  journal=   {Future Internet},
  volume=    {},
  number=    {},
  pages=   {},
  month=   {05},
  year=    {2018},
}

@online{ml-def,
author    = {Marco Varone, Daniel Mayer, Andrea Melegari},
title     = {What is Machine Learning? A definition},
journal = {Expert System},
url       = {https://www.expertsystem.com/machine-learning-definition/},
month = {},
year ={}
}

@article {bot-ml,
  author=    {},
  title=   {Detection Based On Machine Learning Techniques Using DNS Query Data},
  journal=   {},
  volume=    {},
  number=    {},
  pages=   {},
  month=   {},
  year=    {},
}

@online{snort,
author    = {},
title     = {SNORT},
journal = {},
url       = {https://www.snort.org/},
month = {03},
year ={2006}
}


@article {detection9,
  author=    {D. Plohmann, E. Gerhards-Padilla, and F. Leder},
  title=   {Botnets: measurement, detection, disinfection and defence},
  journal=   {ENISA Workshop},
  volume=    {},
  number=    {},
  pages=   {},
  month=   {03},
  year=    {2011},
}

@article {bot-threat1 ,
  author=    {Shahid Anwar, Jasni Mohamad Zain, Mohamad Fadli Zolkipli, Zakira Inayat},
  title=   {Taxonomy of botnet threats},
  journal=   {Trend Micro Incorporated},
  volume=    {},
  number=    {},
  pages=   {},
  month=   {11},
  year=    {2006},
}

@online{ml-workflow,
author    = {Ayush Pant},
title     = {Workflow of a Machine Learning project},
journal = {towardsdatascience},
url       = {https://towardsdatascience.com/workflow-of-a-machine-learning-project-ec1dba419b94},
month = {01},
year ={2010}  
}

@online{ml-norm,
author    = {Urvashi Jaitley},
title     = {Why Data Normalization is necessary for Machine Learning models},
journal = {Medium medium},
url       = {https://towardsdatascience.com/workflow-of-a-machine-learning-project-ec1dba419b94},
month = {10},
year ={2018}  
}

@online{10-fold,
author    = {},
title     = {10-fold Crossvalidation},
journal = {OpenML},
url       = {https://www.openml.org/a/estimation-procedures/1},
month = {},
year ={}  
}

@online{ml-metrics,
author    = {Jason Brownlee},
title     = {Metrics To Evaluate Machine Learning Algorithms in Python},
journal = {Machine Learning Mastery},
url       = {https://machinelearningmastery.com/metrics-evaluate-machine-learning-algorithms-python/},
month = {05},
year ={2016}  
}

@article {detection10,
  author=    {Xingguo Li},
  title=   {Botnet Detection Technology Based on DNS},
  journal=   {ISCI},
  volume=    {},
  number=    {},
  pages=   {},
  month=   {},
  year=    {2014},
}

@article {survey11,
  author=    {Kamal Alieyan • Ammar ALmomani • Ahmad Manasrah • Mohammed M. Kadhum},
  title=   {A survey of botnet detection based on DNS},
  journal=   {},
  volume=    {},
  number=    {},
  pages=   {},
  month=   {},
  year=    {},
}


@article {dnsbl,
  author=    {Ramachandran, A.;Feamster, N.; Dagon, D.*},
  title=   {Revealing botnet membership using DNSBL counter-intelligence},
  journal=   {},
  volume=    {},
  number=    {},
  pages=   {},
  month=   {},
  year=    {},
}


@article {detection11,
  author=    {Villamari-Salomo, R.; Brustoloni, J.C},
  title=   {Identifying botnets using anomaly detection techniques applied to DNS traffic},
  journal=   {},
  volume=    {},
  number=    {},
  pages=   {},
  month=   {},
  year=    {},
}

@article {detection12,
  author=    {Perdisci, R.; Corona, I.; Dagon, D.; Lee, W},
  title=   {Detecting malicious flux service networks through passive analysis of recursive DNS traces},
  journal=   {},
  volume=    {},
  number=    {},
  pages=   {},
  month=   {},
  year=    {},
}

@article {dga2,
  author=    {Yadav, S.; Reddy, A.K.K.; Reddy, A.; Ranjan, S},
  title=   {etecting algorithmically generated malicious domain names},
  journal=   {},
  volume=    {},
  number=    {},
  pages=   {},
  month=   {},
  year=    {},
}

@article {detection13,
  author=    {Stalmans, E.; Irwin, B},
  title=   {A framework for DNS based detection and mitigation of malware infections on a network},
  journal=   {},
  volume=    {},
  number=    {},
  pages=   {},
  month=   {},
  year=    {},
}

@article {detection14,
  author=    {Antonakakis, M.; Perdisci, R.; Lee, W.; Vasiloglou, N., II; Dagon, D},
  title=   {Detecting malware domains at the upper NS hierarchy},
  journal=   {},
  volume=    {},
  number=    {},
  pages=   {},
  month=   {},
  year=    {},
}

@article {passive-dns,
  author=    {Bilge, L.; Kirda, E.; Kruegel, C.; Balduzzi, M},
  title=   {Exposure: Finding Malicious Domains Using Passive DNS Analysis},
  journal=   {},
  volume=    {},
  number=    {},
  pages=   {},
  month=   {},
  year=    {},
}

@article {dns-fail,
  author=    {Jiang, N.; Cao, J.; Jin, Y.; Li, L.; Zhang, Z.L},
  title=   {Identifying suspicious activities through DNS failure graph analysis},
  journal=   {},
  volume=    {},
  number=    {},
  pages=   {},
  month=   {},
  year=    {},
}

@article {reputation,
  author=    {Manos Antonakakis, Roberto Perdisci, David Dagon, Wenke Lee, and Nick Feamster},
  title=   {Building a Dynamic Reputation System for DNS},
  journal=   {},
  volume=    {},
  number=    {},
  pages=   {},
  month=   {},
  year=    {},
}

@article {exposure,
  author=    {Leyla Bilge, Sevil Sen, Davide Balzarotti, Engin Kirda},
  title=   {EXPOSURE: a Passive DNS Analysis Service to Detect and Report Malicious Domains},
  journal=   {},
  volume=    {},
  number=    {},
  pages=   {},
  month=   {},
  year=    {},
}

@article {dns-traffic,
  author=    {Dinh-Tu Truong and Guang Cheng},
  title=   {Detecting domain-flux botnet based on DNS traffic features in managed network },
  journal=   {},
  volume=    {},
  number=    {},
  pages=   {},
  month=   {},
  year=    {},
}

@article {dns-tun,
  author=    {},
  title=   {DNS has been used as a communication method by malware. Known malware
using DNS include: Feederbot (Dietrich, 2011) and Moto (Mullaney, 2011). Both of
these malware examples use DNS TXT records for command and control.},
  journal=   {},
  volume=    {},
  number=    {},
  pages=   {},
  month=   {},
  year=    {},
}



\bibitem{wiki1} "Domain Name System." Wikipedia, Wikimedia Foundation, 14 Aug. 2018, \url{en.wikipedia.org/wiki/Domain_Name_System}.

\bibitem{arch} International Journal of Network Security, Vol.17, No.3, PP.272289, May 2015 272 A Survey on Botnet Architectures, Detection and Defences Muhammad Mahmoud , Manjinder Nir , and Ashraf Matrawy

\bibitem {dga}N. Agarwal. Detecting broad length algorithmically generated domains. In Intelligent, Secure, and Dependable Systems in Distributed and Cloud Environments: First International Conference, ISDDC 2017, Vancouver, BC,Canada, October 26-28, 2017, Proceedings,
volume 10618, page 19. Springer, 2017.

\bibitem{dga2} Wang, T.; Lin, H.; Cheng,W.; Chen, C. DBod: Clustering and detecting DGA-based botnets using DNS traffic analysis. Comput. Secur. 2017, 64.

\bibitem{dga3} Sandeep Yadav , Ashwath Kumar Krishna Reddy , A.L. Narasimha Reddy , Supranamaya Ranjan, Detecting algorithmically generated malicious domain names, Proceedings of the 10th ACM SIGCOMM conference on Internet measurement, November 01-30, 2010, Melbourne, Australia

\bibitem{dga4} Matthew Thomas, Aziz Mohaisen. Kindred domains: detecting and clustering botnet domains using DNS traffic. April 2014. Conference: Proceedings of the companion publication of the 23rd international conference on World wide web companion. DOI: 10.1145/2567948.2579359

\bibitem{phoenix} Schiavoni, S.; Maggi, F.; Cavallaro, L.; Zanero, S. Phoenix: DGA-based botnet tracking and intelligence. In Detection of Intrusions and Malware, and Vulnerability Assessment, 2014; Springer: Cham, Switzerland, 2014; pp. 192-211.

\bibitem{ff1} X. Li, J. Wang, and X. Zhang. Botnet detection technology based on DNS. Future Internet,9(4):55, 2017

\bibitem{ff2} R. Perdisci, I. Corona, D. Dagon, and W. Lee. Detecting malicious flux service networks
through passive analysis of recursive DNS traces. In Computer Security Applications Conference,
2009. ACSA 09. Annual. IEEE, 2009

\bibitem{ff3} T. Holz, C. Gorecki, K. Rieck, and F. C. Freiling. Measuring and detecting fast-flux
service networks. In NDSS, 2008.

\bibitem{ff4} J. Nazario and T. Holz, "As the net churns: Fast-flux botnet observations," 2008 3rd International Conference on Malicious and Unwanted Software (MALWARE), Fairfax, VI, 2008, pp. 24-31.
doi: 10.1109/MALWARE.2008.4690854

\bibitem{tunn1} Christian J. Dietrichyz, Christian Rossowz, Felix C. Freilingy,
Herbert Bos, Maarten van Steen and Norbert Pohlmannz. On Botnets that use DNS for Command and Control.

\bibitem{exposure} Bilge, L.; Kirda, E.; Kruegel, C.; Balduzzi, M. EXPOSURE: Finding malicious domains using passive DNS analysis. In Proceedings of the 18th Annual Network and Distributed System Security Symposium (NDSS), San Diego, CA, USA, February 2011.

\bibitem{localbotnet} Heuer, T., Schiering, I., Klawnn, F., Gabel, A., Seeger, M. (2016). Recognizing Time-Efficiently Local Botnet Infections - A Case Study. 2016 11th International Conference on Availability, Reliability and Security (ARES), 304-311.

\bibitem{CIC} Beigi, Elaheh Biglar, et al. "Towards effective feature selection in machine learning-based botnet detection approaches." Communications and Network Security (CNS), 2014 IEEE Conference on. IEEE, 2014. (CIC botnet dataset)

\bibitem{CTU}"An empirical comparison of botnet detection methods" Sebastian Garcia, Martin Grill, Honza Stiborek and Alejandro Zunino. Computers and Security Journal, Elsevier. 2014. Vol 45, pp 100-123. http://dx.doi.org/10.1016/j.cose.2014.05.011

\bibitem{tunn} G. Farnham. Detecting DNS tunnelling. February 2013.  \url{http://armatum.com/blog/2009/DNS-part-ii/}

\bibitem{ISOT} Alenazi A., Traore I., Ganame K., Woungang I. (2017) Holistic Model for HTTP Botnet Detection Based on DNS Traffic Analysis. In: Traore I., Woungang I., Awad A. (eds) Intelligent, Secure, and Dependable Systems in Distributed and Cloud Environments. ISDDC 2017. Lecture Notes in Computer Science, vol 10618. Springer, Cham

\bibitem{honeynet} William Salusky, Robert Danford, The Honeynet Project: Know your enemy: Fast-flux service networks (2007)

\bibitem{ff_botconf} Etienne Stalmans, Barry Irwin. "Spatial Statistics as a Metric for Detecting Botnet C2 Servers". BotConf 2013.

\bibitem{fluXOR} Passerini, E.; Paleari, R.; Martignoni, L.; Bruschi, D. FluXOR: Detecting and monitoring fast flux service networks. In Proceedings of the 5th International Conference on Detection of Intrusions and Malware, and Vulnerability Assessment (DIMVA '08), Paris, France, 10-11 July 2008; pp. 186-206.

\bibitem{ff5} Celik, Z. B.; and Oktug, S. Detection of Fast-flux Networks using Various DNS Feature Sets.  In IEEE Computers and Communications Symposium (ISCC), 2013. 

\bibitem{ff_beha1} Caglayan, A.; Toothaker, M.; Drapaeau, D.; Burke, D.; Eaton, G. Behavioral analysis of fast flux service networks. In Proceedings of the 5th Annual Workshop on Cyber Security and Information Intelligence Research (CSIIRW'09), Knoxville, TN, USA, 13-15 April 2009; pp. 1-4.

\bibitem{ff_beha2}Andi Fitriah, Abdul Kadir, Raja Azrina Raja Othman,Normaziah Abdul Aziz. Behavioral Analysis and Visualization of Fast-Flux DNS. 2012 European Intelligence and Security Informatics